@article{IA,
author="Mourad Krim",
title="Le vocabulaire pour comprendre l'intelligence artificielle ",
year="2017",
month="Janvier",
}

@article{agents,
author= "In Principio",
title="Système multi-agents et IA distribuée",
year="2018"
}

@article{population,
author= "Ivan Nonveiller,Léandre Larouche ",
title="Système multi-agents et IA distribuée",
year="2018"
}

@article{Minimax,
author= "DMCA",
title="Introduction à l’algorithme Minimax",
year="2020"
}
